@article{Ainsworth1999,
author = {Ainsworth, Shaaron},
doi = {10.1016/S0360-1315(99)00029-9},
file = {::},
issn = {03601315},
journal = {Computers \& Education},
month = sep,
number = {2-3},
pages = {131--152},
title = {{The functions of multiple representations}},
url = {http://linkinghub.elsevier.com/retrieve/pii/S0360131599000299},
volume = {33},
year = {1999}
}
@article{Boron2011,
author = {Boron, Alessandro and Mora, Simone},
file = {::},
isbn = {9781450305419},
pages = {1--4},
title = {{Mobile augmented reality for supporting reflection}},
year = {2011}
}
@article{Calori,
author = {Calori, Ilaria Canova and Rossitto, Chiara and Divitini, Monica},
file = {::},
title = {{Understanding Trajectories of Experience in Situated Learning Field Trips}}
}
@book{boudreflection1985,
author = {Boud, David and Keogh, Rosemary and Walker, David},
isbn = {978-0850388640},
keywords = {experience,learning,reflection},
pages = {180},
publisher = {Routledge},
title = {{Reflection: Turning Experience into Learning}},
year = {1985}
}
@article{Hassan-montero2006,
author = {Hassan-montero, Yusef and Herrero-solana, V\'{\i}ctor},
file = {::},
keywords = {folksonomies,information retrieval,social indexing,tagging,visual interfaces},
title = {{Improving Tag-Clouds as Visual Information Retrieval Interfaces}},
year = {2006}
}
@article{Hearst2008,
author = {Hearst, Marti a. and Rosner, Daniela},
doi = {10.1109/HICSS.2008.422},
file = {::},
isbn = {0-7695-3075-8},
issn = {1530-1605},
journal = {Proceedings of the 41st Annual Hawaii International Conference on System Sciences (HICSS 2008)},
keywords = {Tag Clouds: Data Analysis Tool or Social Signaller},
month = jan,
pages = {160--160},
publisher = {Ieee},
title = {{Tag Clouds: Data Analysis Tool or Social Signaller?}},
url = {http://ieeexplore.ieee.org/lpdocs/epic03/wrapper.htm?arnumber=4438863},
year = {2008}
}
@article{Kristiansen2011,
author = {Kristiansen, Anders Klund and Storlien, Andreas},
file = {::},
number = {June},
title = {{Enhancing reflection by collaboratively capturing experiences in a timeline}},
year = {2011}
}
@article{Krogstie2009,
author = {Krogstie, Birgit R. and Divitini, Monica},
doi = {10.1109/CSEET.2009.20},
file = {::},
isbn = {978-1-4244-3431-2},
journal = {2009 22nd Conference on Software Engineering Education and Training},
pages = {85--92},
publisher = {Ieee},
title = {{Shared Timeline and Individual Experience: Supporting Retrospective Reflection in Student Software Engineering Teams}},
url = {http://ieeexplore.ieee.org/lpdocs/epic03/wrapper.htm?arnumber=4812679},
year = {2009}
}
@article{Paul,
author = {Paul, Sharoda A and Morris, Meredith Ringel},
file = {::},
isbn = {9781605582467},
title = {{CoSense : Enhancing Sensemaking for Collaborative Web Search}}
}
@article{Rivera-pelayo2011,
author = {Rivera-pelayo, Veronica and Muller, Lars},
file = {::},
isbn = {9781936968367},
pages = {268--277},
title = {{Supporting Mood Awareness in Collaborative Settings}},
year = {2011}
}
@article{VanderMeij2006,
author = {van der Meij, Jan and de Jong, Ton},
doi = {10.1016/j.learninstruc.2006.03.007},
file = {::},
issn = {09594752},
journal = {Learning and Instruction},
keywords = {instructional technology,multiple representations,scientific discovery learning,simulation-based learning environments},
month = jun,
number = {3},
pages = {199--212},
title = {{Supporting students' learning with multiple representations in a dynamic simulation-based learning environment}},
url = {http://linkinghub.elsevier.com/retrieve/pii/S0959475206000260},
volume = {16},
year = {2006}
}
@misc{,
file = {::},
title = {{The MIRROR AppSphere: the case of crisis management}}
}
@misc{Divitini,
author = {Divitini, Monica},
file = {::},
title = {{The Functions of Sharing Experiences, Observations and Insights for Reflective Learning at Work}}
}
@article{Timeline2009,
author = {Timeline},
file = {::},
keywords = {cooperation,mobile learning,reflection,timeline},
number = {Sch\"{o}n 1983},
title = {{MOBILE AND COLLABORATIVE TIMELINES FOR}},
year = {2009}
}
@misc{Divitini2011,
author = {Divitini, Monica},
file = {::},
title = {{Understanding Trajectories of Experience in Situated Learning Field Trips}},
year = {2011}
}
