@BOOK{boudreflection1985,
	author = {David Boud, Rosemary Keogh and David Walker},
	title = {Reflection: Turning Experience into Learning},
	year = {1985},
	isbn = {978-0850388640},
	publisher = {Routledge}
}